<collection xmlns="http://www.loc.gov/MARC21/slim">
   <record>
      <leader>02914cam a2200601 a 4500</leader>
      <controlfield tag="001">6720045</controlfield>
      <controlfield tag="003">OCoLC</controlfield>
      <controlfield tag="005">20160226080110.5</controlfield>
      <controlfield tag="006">m     o  d        </controlfield>
      <controlfield tag="007">cr |n|||||||||</controlfield>
      <controlfield tag="008">140930s2015    nyua    ob    001 0 eng d</controlfield>
      <datafield ind1="7" ind2=" " tag="016">
         <subfield code="a">016930134</subfield>
         <subfield code="2">Uk</subfield>
      </datafield>
      <datafield ind1=" " ind2=" " tag="020">
         <subfield code="a">9781493916528</subfield>
         <subfield code="q">(electronic bk.)</subfield>
      </datafield>
      <datafield ind1=" " ind2=" " tag="020">
         <subfield code="a">1493916521</subfield>
         <subfield code="q">(electronic bk.)</subfield>
      </datafield>
      <datafield ind1=" " ind2=" " tag="020">
         <subfield code="a">1493916513</subfield>
      </datafield>
      <datafield ind1=" " ind2=" " tag="020">
         <subfield code="a">9781493916511</subfield>
      </datafield>
      <datafield ind1=" " ind2=" " tag="020">
         <subfield code="z">9781493916511</subfield>
      </datafield>
      <datafield ind1=" " ind2=" " tag="035">
         <subfield code="a">ocn891670146</subfield>
      </datafield>
      <datafield ind1=" " ind2=" " tag="039">
         <subfield code="a">exclude</subfield>
      </datafield>
      <datafield ind1=" " ind2=" " tag="040">
         <subfield code="a">RML</subfield>
         <subfield code="b">eng</subfield>
         <subfield code="e">pn</subfield>
         <subfield code="c">RML</subfield>
         <subfield code="d">RML</subfield>
         <subfield code="d">OCLCO</subfield>
         <subfield code="d">GW5XE</subfield>
         <subfield code="d">SCB</subfield>
         <subfield code="d">UKMGB</subfield>
         <subfield code="d">YDXCP</subfield>
         <subfield code="d">OCLCF</subfield>
         <subfield code="d">COO</subfield>
         <subfield code="d">OCL</subfield>
         <subfield code="d">OCLCQ</subfield>
         <subfield code="d">AEU</subfield>
      </datafield>
      <datafield ind1=" " ind2="4" tag="050">
         <subfield code="a">QH600.15</subfield>
      </datafield>
      <datafield ind1=" " ind2="4" tag="060">
         <subfield code="a">W1</subfield>
         <subfield code="b">ME9616J</subfield>
      </datafield>
      <datafield ind1=" " ind2="4" tag="060">
         <subfield code="a">QW 51</subfield>
         <subfield code="b">B129</subfield>
      </datafield>
      <datafield ind1="0" ind2="4" tag="082">
         <subfield code="a">660.6/5</subfield>
         <subfield code="2">23</subfield>
      </datafield>
      <datafield ind1=" " ind2=" " tag="090">
         <subfield code="a">Internet Access</subfield>
         <subfield code="b">AEU</subfield>
      </datafield>
      <datafield ind1=" " ind2=" " tag="090">
         <subfield code="a">Internet Access</subfield>
         <subfield code="b">AEU</subfield>
      </datafield>
      <datafield ind1="0" ind2="0" tag="245">
         <subfield code="a">Bacterial artificial chromosomes</subfield>
         <subfield code="h">[electronic resource] /</subfield>
         <subfield code="c">edited by Kumaran Narayanan.</subfield>
      </datafield>
      <datafield ind1=" " ind2=" " tag="250">
         <subfield code="a">2nd ed.</subfield>
      </datafield>
      <datafield ind1=" " ind2=" " tag="260">
         <subfield code="a">New York :</subfield>
         <subfield code="b">Humana Press :</subfield>
         <subfield code="b">Springer,</subfield>
         <subfield code="c">©2015.</subfield>
      </datafield>
      <datafield ind1=" " ind2=" " tag="300">
         <subfield code="a">1 online resource (xi, 348 pages) :</subfield>
         <subfield code="b">illustrations (some color).</subfield>
      </datafield>
      <datafield ind1=" " ind2=" " tag="336">
         <subfield code="a">text</subfield>
         <subfield code="b">txt</subfield>
         <subfield code="2">rdacontent</subfield>
         <subfield code="0">http://id.loc.gov/vocabulary/contentTypes/txt</subfield>
      </datafield>
      <datafield ind1=" " ind2=" " tag="337">
         <subfield code="a">computer</subfield>
         <subfield code="b">c</subfield>
         <subfield code="2">rdamedia</subfield>
         <subfield code="0">http://id.loc.gov/vocabulary/mediaTypes/c</subfield>
      </datafield>
      <datafield ind1=" " ind2=" " tag="338">
         <subfield code="a">online resource</subfield>
         <subfield code="2">rdacarrier</subfield>
         <subfield code="0">http://id.loc.gov/vocabulary/carriers/cr</subfield>
      </datafield>
      <datafield ind1="1" ind2=" " tag="490">
         <subfield code="a">Methods in molecular biology,</subfield>
         <subfield code="x">1940-6029 ;</subfield>
         <subfield code="v">1227</subfield>
      </datafield>
      <datafield ind1=" " ind2=" " tag="504">
         <subfield code="a">Includes bibliographical references and index.</subfield>
      </datafield>
      <datafield ind1=" " ind2=" " tag="506">
         <subfield code="a">Access restricted to authorized users and institutions.</subfield>
      </datafield>
      <datafield ind1=" " ind2=" " tag="596">
         <subfield code="a">44</subfield>
      </datafield>
      <datafield ind1=" " ind2="0" tag="650">
         <subfield code="a">Bacterial artificial chromosomes</subfield>
         <subfield code="v">Laboratory manuals.</subfield>
      </datafield>
      <datafield ind1=" " ind2="2" tag="650">
         <subfield code="a">Chromosomes, Artificial, Bacterial.</subfield>
         <subfield code="0">http://id.nlm.nih.gov/mesh/D022202</subfield>
      </datafield>
      <datafield ind1=" " ind2="2" tag="650">
         <subfield code="a">Chromosome Mapping.</subfield>
         <subfield code="0">http://id.nlm.nih.gov/mesh/D002874</subfield>
      </datafield>
      <datafield ind1=" " ind2="2" tag="650">
         <subfield code="a">Cloning, Molecular.</subfield>
         <subfield code="0">http://id.nlm.nih.gov/mesh/D003001</subfield>
      </datafield>
      <datafield ind1=" " ind2="2" tag="650">
         <subfield code="a">Genomic Library.</subfield>
         <subfield code="0">http://id.nlm.nih.gov/mesh/D015698</subfield>
      </datafield>
      <datafield ind1=" " ind2="7" tag="650">
         <subfield code="a">Bacterial artificial chromosomes.</subfield>
         <subfield code="2">fast</subfield>
         <subfield code="0">http://id.worldcat.org/fast/00825186</subfield>
      </datafield>
      <datafield ind1=" " ind2="7" tag="655">
         <subfield code="a">Laboratory manuals.</subfield>
         <subfield code="2">fast</subfield>
         <subfield code="0">http://id.worldcat.org/fast/01920776</subfield>
      </datafield>
      <datafield ind1="1" ind2=" " tag="700">
         <subfield code="a">Narayanan, Kumaran.</subfield>
         <subfield code="0">http://id.loc.gov/authorities/names/nb2014026028</subfield>
         <subfield code="0">http://viaf.org/viaf/312859711</subfield>
      </datafield>
      <datafield ind1=" " ind2=" " tag="758">
         <subfield code="0">http://worldcat.org/entity/work/id/505703478</subfield>
      </datafield>
      <datafield ind1=" " ind2="0" tag="830">
         <subfield code="a">Methods in molecular biology (Clifton, N.J.) ;</subfield>
         <subfield code="v">v. 1227.</subfield>
         <subfield code="x">1064-3745</subfield>
      </datafield>
      <datafield ind1="4" ind2="0" tag="856">
         <subfield code="3">University of Alberta Access</subfield>
         <subfield code="u">http://link.springer.com/10.1007/978-1-4939-1652-8</subfield>
         <subfield code="z">(Unlimited Concurrent Users)</subfield>
         <subfield code="z">from Springer</subfield>
      </datafield>
      <datafield ind1="4" ind2="0" tag="856">
         <subfield code="3">University of Alberta Access</subfield>
         <subfield code="u">http://dx.doi.org/10.1007/978-1-4939-1652-8</subfield>
         <subfield code="z">(Unlimited Concurrent Users)</subfield>
      </datafield>
      <datafield ind1=" " ind2=" " tag="949">
         <subfield code="h">UAIN</subfield>
         <subfield code="z">SPRINGER</subfield>
      </datafield>
      <datafield ind1=" " ind2=" " tag="926">
         <subfield code="a">Internet Access</subfield>
         <subfield code="w">LC</subfield>
         <subfield code="c">1</subfield>
         <subfield code="i">6720045-1001</subfield>
         <subfield code="l">INTERNET</subfield>
         <subfield code="m">UAINTERNET</subfield>
         <subfield code="r">Y</subfield>
         <subfield code="s">Y</subfield>
         <subfield code="t">E-RESOURCE</subfield>
         <subfield code="u">11/5/2014</subfield>
         <subfield code="x">E-BOOK</subfield>
         <subfield code="z">SPRINGPRO</subfield>
      </datafield>
      <datafield ind1=" " ind2=" " tag="926">
         <subfield code="a">Internet Access</subfield>
         <subfield code="w">LC</subfield>
         <subfield code="c">2</subfield>
         <subfield code="i">6720045-1002</subfield>
         <subfield code="l">INTERNET</subfield>
         <subfield code="m">UAINTERNET</subfield>
         <subfield code="r">Y</subfield>
         <subfield code="s">Y</subfield>
         <subfield code="t">E-RESOURCE</subfield>
         <subfield code="u">3/7/2016</subfield>
         <subfield code="x">E-BOOK</subfield>
         <subfield code="z">SPRINGER</subfield>
      </datafield>
      <datafield ind1="0" ind2=" " tag="787">
         <subfield code="n">OCLC Work Id</subfield>
         <subfield code="o">http://worldcat.org/entity/work/id/505703478</subfield>
      </datafield>
   </record>
</collection>
